
@article{birbaumer_effects_1997,
	title = {Effects of regional anesthesia on phantom limb pain are mirrored in changes in cortical reorganization},
	volume = {17},
	url = {http://www.jneurosci.org/content/17/14/5503.short},
	number = {14},
	urldate = {2013-10-24},
	journal = {The Journal of Neuroscience},
	author = {Birbaumer, Niels and Lutzenberger, Werner and Montoya, Pedro and Larbig, Wolfgang and Unertl, Klaus and Töpfner, Stephanie and Grodd, Wolfgang and Taub, Edward and Flor, Herta},
	year = {1997},
	pages = {5503-5508},
	file = {Birbaumer_1999_[Effects of Regional Anesthesia on Phantom Limb Pain Are Mirrored in Changes in Cortical Reorganization].pdf:/home/nathan/.zotero/zotero/wenz5i9v.default/zotero/storage/I5K2ESXC/Birbaumer_1999_[Effects of Regional Anesthesia on Phantom Limb Pain Are Mirrored in Changes in Cortical Reorganization].pdf:application/pdf;Birbaumer_1999_[Effects of Regional Anesthesia on Phantom Limb Pain Are Mirrored in Changes in Cortical Reorganization].pdf:/home/nathan/.zotero/zotero/wenz5i9v.default/zotero/storage/UGUQNR6J/Birbaumer_1999_[Effects of Regional Anesthesia on Phantom Limb Pain Are Mirrored in Changes in Cortical Reorganization].pdf:application/pdf}
},

@article{cisek_beyond_1999,
	title = {Beyond the computer metaphor: Behaviour as interaction},
	volume = {6},
	shorttitle = {Beyond the computer metaphor},
	url = {http://www.ingentaconnect.com/content/imp/jcs/1999/00000006/f0020011/994},
	number = {11-12},
	urldate = {2013-10-24},
	journal = {Journal of Consciousness Studies},
	author = {Cisek, Paul},
	year = {1999},
	pages = {11-12},
	file = {Cisek_1999[Beyond the computer metaphor_ Behaviour as interaction].pdf:/home/nathan/.zotero/zotero/wenz5i9v.default/zotero/storage/D6S37HV6/Cisek_1999[Beyond the computer metaphor_ Behaviour as interaction].pdf:application/pdf}
},

@article{cisek_embodiment_2001,
	title = {Embodiment is all in the head},
	volume = {24},
	url = {http://www.cisek.org/pavel/Pubs/Cisek-Thelen.pdf},
	number = {1},
	urldate = {2013-10-24},
	journal = {Behavioral and Brain Sciences},
	author = {Cisek, Paul},
	year = {2001},
	pages = {36-38},
	file = {Cisek_2001[Embodiment is all in the head].pdf:/home/nathan/.zotero/zotero/wenz5i9v.default/zotero/storage/J58ZID7R/Cisek_2001[Embodiment is all in the head].pdf:application/pdf}
},

@article{ehde_chronic_2000,
	title = {Chronic phantom sensations, phantom pain, residual limb pain, and other regional pain after lower limb amputation},
	volume = {81},
	issn = {00039993},
	url = {http://linkinghub.elsevier.com/retrieve/pii/S0003999300677663},
	doi = {10.1053/apmr.2000.7583},
	number = {8},
	urldate = {2013-10-24},
	journal = {Archives of Physical Medicine and Rehabilitation},
	author = {Ehde, Dawn M. and Czerniecki, Joseph M. and Smith, Douglas G. and Campbell, Kellye M. and Edwards, {W.Thomas} and Jensen, Mark P. and Robinson, Lawrence R.},
	month = aug,
	year = {2000},
	pages = {1039--1044},
	file = {Ehde_2000[Chronic Phantom Sensations, Phantom Pain, Residual Limb Pain, and Other Regional Pain After Lower Limb Amputation].pdf:/home/nathan/.zotero/zotero/wenz5i9v.default/zotero/storage/2NNN8QKB/Ehde_2000[Chronic Phantom Sensations, Phantom Pain, Residual Limb Pain, and Other Regional Pain After Lower Limb Amputation].pdf:application/pdf;Ehde_2000[Chronic Phantom Sensations, Phantom Pain, Residual Limb Pain, and Other Regional Pain After Lower Limb Amputation].pdf:/home/nathan/.zotero/zotero/wenz5i9v.default/zotero/storage/E3HD2MJN/Ehde_2000[Chronic Phantom Sensations, Phantom Pain, Residual Limb Pain, and Other Regional Pain After Lower Limb Amputation].pdf:application/pdf}
},

@article{elbert_extensive_1994,
	title = {Extensive reorganization of the somatosensory cortex in adult humans after nervous system injury},
	volume = {5},
	number = {18},
	journal = {Neuroreport},
	author = {Elbert, Thomas and Flor, Herta and Birbaumer, Niels and Knecht, Stefan and Hampson, Scott and Larbig, Wolfgang and Taub, Edward},
	year = {1994},
	pages = {2593-2597},
	file = {Elbert_1994_Extensive_reorganization.pdf:/home/nathan/.zotero/zotero/wenz5i9v.default/zotero/storage/9QS4KAQ4/Elbert_1994_Extensive_reorganization.pdf:application/pdf}
},

@article{ephraim_phantom_2005,
	title = {Phantom Pain, Residual Limb Pain, and Back Pain in Amputees: Results of a National Survey},
	volume = {86},
	issn = {00039993},
	shorttitle = {Phantom Pain, Residual Limb Pain, and Back Pain in Amputees},
	url = {http://linkinghub.elsevier.com/retrieve/pii/S0003999305003588},
	doi = {10.1016/j.apmr.2005.03.031},
	number = {10},
	urldate = {2013-10-24},
	journal = {Archives of Physical Medicine and Rehabilitation},
	author = {Ephraim, Patti L. and Wegener, Stephen T. and {MacKenzie}, Ellen J. and Dillingham, Timothy R. and Pezzin, Liliana E.},
	month = oct,
	year = {2005},
	pages = {1910--1919},
	file = {Ephraim_2005[Phantom Pain, Residual Limb Pain, and Back Pain in Amputees- Results of a National Survey].pdf:/home/nathan/.zotero/zotero/wenz5i9v.default/zotero/storage/ZXVBMA8Z/Ephraim_2005[Phantom Pain, Residual Limb Pain, and Back Pain in Amputees- Results of a National Survey].pdf:application/pdf;Ephraim_2005[Phantom Pain, Residual Limb Pain, and Back Pain in Amputees- Results of a National Survey].pdf:/home/nathan/.zotero/zotero/wenz5i9v.default/zotero/storage/UVEUWASR/Ephraim_2005[Phantom Pain, Residual Limb Pain, and Back Pain in Amputees- Results of a National Survey].pdf:application/pdf}
},

@article{farne_face_2002,
	title = {Face or hand, not both: perceptual correlates of reafferentation in a former amputee},
	volume = {12},
	shorttitle = {Face or hand, not both},
	url = {http://www.sciencedirect.com/science/article/pii/S0960982202010187},
	number = {15},
	urldate = {2013-10-24},
	journal = {Current biology},
	author = {Farnè, Alessandro and Roy, Alice C. and Giraux, Pascal and Dubernard, Jean M. and Sirigu, Angela},
	year = {2002},
	pages = {1342-1346},
	file = {Farnè_2002[Face or Hand, Not Both_ Perceptual Correlates  of Reafferentation in a Former Amputee].pdf:/home/nathan/.zotero/zotero/wenz5i9v.default/zotero/storage/2TWSZTHX/Farnè_2002[Face or Hand, Not Both_ Perceptual Correlates  of Reafferentation in a Former Amputee].pdf:application/pdf}
},

@article{flor_extensive_1997,
	title = {Extensive reorganization of primary somatosensory cortex in chronic back pain patients},
	volume = {224},
	url = {http://www.sciencedirect.com/science/article/pii/S0304394097134413},
	number = {1},
	urldate = {2013-10-24},
	journal = {Neuroscience letters},
	author = {Flor, Herta and Braun, Christoph and Elbert, Thomas and Birbaumer, Niels},
	year = {1997},
	pages = {5-8},
	file = {Flor_1997_[Extensive reorganization of primary somatosensory cortex in chronic back pain patients].pdf:/home/nathan/.zotero/zotero/wenz5i9v.default/zotero/storage/BV5NXGPN/Flor_1997_[Extensive reorganization of primary somatosensory cortex in chronic back pain patients].pdf:application/pdf}
},

@article{flor_effect_2001,
	title = {Effect of sensory discrimination training on cortical reorganisation and phantom limb pain},
	volume = {357},
	url = {http://www.sciencedirect.com/science/article/pii/S014067360004890X},
	number = {9270},
	urldate = {2013-10-24},
	journal = {The Lancet},
	author = {Flor, Herta and Denke, Claudia and Schaefer, Michael and Grüsser, Sabine},
	year = {2001},
	pages = {1763-1764},
	file = {Dealing-with-phantom-limb-pain-after-amputation.pdf:/home/nathan/.zotero/zotero/wenz5i9v.default/zotero/storage/KF6IJWMA/Dealing-with-phantom-limb-pain-after-amputation.pdf:application/pdf;Flor_2006_[Effect of sensory discrimination training on cortical reorganisation and phantom limb pain].pdf:/home/nathan/.zotero/zotero/wenz5i9v.default/zotero/storage/PFMK8FJN/Flor_[Effect of sensory discrimination training on cortical reorganisation and phantom limb pain].pdf:application/pdf;Flor_[Effect of sensory discrimination training on cortical reorganisation and phantom limb pain].pdf:/home/nathan/.zotero/zotero/wenz5i9v.default/zotero/storage/MXTB34D4/Flor_[Effect of sensory discrimination training on cortical reorganisation and phantom limb pain].pdf:application/pdf}
},

@article{flor_phantom_2006,
	title = {Phantom limb pain: a case of maladaptive {CNS} plasticity?},
	volume = {7},
	issn = {1471-{003X}, 1471-0048},
	shorttitle = {Phantom limb pain},
	url = {http://www.nature.com/doifinder/10.1038/nrn1991},
	doi = {10.1038/nrn1991},
	number = {11},
	urldate = {2013-10-24},
	journal = {Nature Reviews Neuroscience},
	author = {Flor, Herta and Nikolajsen, Lone and Staehelin Jensen, Troels},
	month = nov,
	year = {2006},
	pages = {873--881},
	file = {Flor_2006[Phantom limb pain- a case of maladaptive CNS plasticity_].pdf:/home/nathan/.zotero/zotero/wenz5i9v.default/zotero/storage/SG59XZRW/Flor_2006[Phantom limb pain- a case of maladaptive CNS plasticity_].pdf:application/pdf;Flor_2006[Phantom limb pain- a case of maladaptive CNS plasticity_].pdf:/home/nathan/.zotero/zotero/wenz5i9v.default/zotero/storage/B556UUZZ/Flor_2006[Phantom limb pain- a case of maladaptive CNS plasticity_].pdf:application/pdf}
},

@article{grill-spector_repetition_2006,
	title = {Repetition and the brain: neural models of stimulus-specific effects},
	volume = {10},
	issn = {13646613},
	shorttitle = {Repetition and the brain},
	url = {http://linkinghub.elsevier.com/retrieve/pii/S1364661305003232},
	doi = {10.1016/j.tics.2005.11.006},
	number = {1},
	urldate = {2013-10-24},
	journal = {Trends in Cognitive Sciences},
	author = {Grill-Spector, Kalanit and Henson, Richard and Martin, Alex},
	month = jan,
	year = {2006},
	pages = {14--23},
	file = {Grill-Spector_2006[Repetition and the brain_ neural models  of stimulus-speciﬁc effects].pdf:/home/nathan/.zotero/zotero/wenz5i9v.default/zotero/storage/76ZJHQ63/Grill-Spector_2006[Repetition and the brain_ neural models  of stimulus-speciﬁc effects].pdf:application/pdf;Makin_2013[Phantom pain is associated with preserved  structure and function in the former hand area].pdf:/home/nathan/.zotero/zotero/wenz5i9v.default/zotero/storage/96G4HIU4/Makin_2013[Phantom pain is associated with preserved  structure and function in the former hand area].pdf:application/pdf}
},

@article{grill-spector_fmr-adaptation:_2001,
	title = {{fMR-adaptation:} a tool for studying the functional properties of human cortical neurons},
	volume = {107},
	shorttitle = {{fMR-adaptation}},
	url = {http://www.sciencedirect.com/science/article/pii/S0001691801000191},
	number = {1},
	urldate = {2013-10-24},
	journal = {Acta psychologica},
	author = {Grill-Spector, Kalanit and Malach, Rafael},
	year = {2001},
	pages = {293-321},
	file = {Grill-Spector_2001[fMRI-adaptation_ a tool for studying the functional properties of human cortical neurons].pdf:/home/nathan/.zotero/zotero/wenz5i9v.default/zotero/storage/2XFBZ2MG/Grill-Spector_2001[fMRI-adaptation_ a tool for studying the functional properties of human cortical neurons].pdf:application/pdf;Makin_2013[Phantom pain is associated with preserved  structure and function in the former hand area].pdf:/home/nathan/.zotero/zotero/wenz5i9v.default/zotero/storage/N85264M9/Makin_2013[Phantom pain is associated with preserved  structure and function in the former hand area].pdf:application/pdf}
},

@article{guo_sensory_2013,
	title = {Sensory recovery following decellularized nerve allograft transplantation for digital nerve repair},
	issn = {2000-{656X}, 2000-6764},
	url = {http://informahealthcare.com/doi/abs/10.3109/2000656X.2013.778862},
	doi = {10.3109/2000656X.2013.778862},
	urldate = {2013-10-24},
	journal = {Journal of Plastic Surgery and Hand Surgery},
	author = {Guo, Yang and Chen, Gary and Tian, Guanglei and Tapia, Carla},
	month = jul,
	year = {2013},
	pages = {1--3},
	file = {Guo_2013[sensory recovery after digital nerve repair].pdf:/home/nathan/.zotero/zotero/wenz5i9v.default/zotero/storage/ZJGMH55H/Guo_2013[sensory recovery after digital nerve repair].pdf:application/pdf}
},

@article{henson_neuroimaging_2003,
	title = {Neuroimaging studies of priming},
	volume = {70},
	issn = {03010082},
	url = {http://linkinghub.elsevier.com/retrieve/pii/S0301008203000868},
	doi = {10.1016/S0301-0082(03)00086-8},
	number = {1},
	urldate = {2013-10-24},
	journal = {Progress in Neurobiology},
	author = {Henson, {R.N.A}},
	month = may,
	year = {2003},
	pages = {53--81},
	file = {Henson_2003[Neuroimaging studies review, PrimingReview].pdf:/home/nathan/.zotero/zotero/wenz5i9v.default/zotero/storage/45ECHKXQ/Henson_2003[Neuroimaging studies review, PrimingReview].pdf:application/pdf}
},

@article{jamison_cognitive-behavioral_1994,
	title = {Cognitive-behavioral classifications of chronic pain: replication and extension of empirically derived patient profiles},
	volume = {57},
	shorttitle = {Cognitive-behavioral classifications of chronic pain},
	url = {http://www.sciencedirect.com/science/article/pii/0304395994900035},
	number = {3},
	urldate = {2013-10-24},
	journal = {Pain},
	author = {Jamison, Robert N. and Rudy, Thomas E. and Penzien, Donald B. and Mosley, Thomas H.},
	year = {1994},
	pages = {277-292},
	file = {west_haven_yale_multidimensional_pain_inventory.pdf:/home/nathan/.zotero/zotero/wenz5i9v.default/zotero/storage/ZUDE8H23/west_haven_yale_multidimensional_pain_inventory.pdf:application/pdf}
},

@article{jensen_comparative_1999,
	title = {Comparative reliability and validity of chronic pain intensity measures},
	volume = {83},
	url = {http://www.sciencedirect.com/science/article/pii/S0304395999001013},
	number = {2},
	urldate = {2013-10-24},
	journal = {Pain},
	author = {Jensen, Mark P. and Turner, Judith A. and Romano, Joan M. and Fisher, Lloyd D.},
	year = {1999},
	pages = {157-162},
	file = {Jensen_1999_[Comparative reliability and validity of chronic pain intensity measures].pdf:/home/nathan/.zotero/zotero/wenz5i9v.default/zotero/storage/FIFXQ99X/Jensen_1999_[Comparative reliability and validity of chronic pain intensity measures].pdf:application/pdf;Jensen_1999_[Comparative reliability and validity of chronic pain intensity measures].pdf:/home/nathan/.zotero/zotero/wenz5i9v.default/zotero/storage/C8IEANVM/Jensen_1999_[Comparative reliability and validity of chronic pain intensity measures].pdf:application/pdf}
},

@article{karlreorganization2001,
	title = {Reorganization of motor and somatosensory cortex in upper extremity amputees with phantom limb pain},
	volume = {21},
	url = {http://www.jneurosci.org/content/21/10/3609.short},
	number = {10},
	urldate = {2013-10-24},
	journal = {The journal of Neuroscience},
	author = {Karl, Anke and Birbaumer, Niels and Lutzenberger, Werner and Cohen, Leonardo G. and Flor, Herta},
	year = {2001},
	pages = {3609-3618},
	file = {Karl_2001_[Reorganization of motor and somatosensory cortex in upper extremity amputees with phantom limb pain].pdf:/home/nathan/.zotero/zotero/wenz5i9v.default/zotero/storage/SC3G9TBQ/Karl_2001_[Reorganization of motor and somatosensory cortex in upper extremity amputees with phantom limb pain].pdf:application/pdf}
},

@article{kooijman_phantom_2000,
	title = {Phantom pain and phantom sensations in upper limb amputees: an epidemiological study},
	volume = {87},
	shorttitle = {Phantom pain and phantom sensations in upper limb amputees},
	url = {http://www.sciencedirect.com/science/article/pii/S0304395900002645},
	number = {1},
	urldate = {2013-10-24},
	journal = {Pain},
	author = {Kooijman, Carolien M. and Dijkstra, Pieter U. and Geertzen, Jan {HB} and Elzinga, Albert and van der Schans, Cees P.},
	year = {2000},
	pages = {33-41},
	file = {Kooijman_2000_[Phantom pain and phantom sensations in upper limb amputees].pdf:/home/nathan/.zotero/zotero/wenz5i9v.default/zotero/storage/3Z5TB5Q3/Kooijman_2000_[Phantom pain and phantom sensations in upper limb amputees].pdf:application/pdf;Kooijman_2000_[Phantom pain and phantom sensations in upper limb amputees].pdf:/home/nathan/.zotero/zotero/wenz5i9v.default/zotero/storage/Z7CRM73W/Kooijman_2000_[Phantom pain and phantom sensations in upper limb amputees].pdf:application/pdf}
},

@article{krekelberg_adaptation:_2006,
	title = {Adaptation: from single cells to {BOLD} signals},
	volume = {29},
	issn = {01662236},
	shorttitle = {Adaptation},
	url = {http://linkinghub.elsevier.com/retrieve/pii/S0166223606000488},
	doi = {10.1016/j.tins.2006.02.008},
	number = {5},
	urldate = {2013-10-24},
	journal = {Trends in Neurosciences},
	author = {Krekelberg, Bart and Boynton, Geoffrey M. and van Wezel, Richard {J.A.}},
	month = may,
	year = {2006},
	pages = {250--256},
	file = {Krekelberg_2006[Adaptation_ from single cells to BOLD  signals].pdf:/home/nathan/.zotero/zotero/wenz5i9v.default/zotero/storage/ZDFS4TWK/Krekelberg_2006[Adaptation_ from single cells to BOLD  signals].pdf:application/pdf}
},

@article{maihofner_motor_2007,
	title = {The motor system shows adaptive changes in complex regional pain syndrome},
	volume = {130},
	issn = {0006-8950, 1460-2156},
	url = {http://www.brain.oxfordjournals.org/cgi/doi/10.1093/brain/awm131},
	doi = {10.1093/brain/awm131},
	number = {10},
	urldate = {2013-10-24},
	journal = {Brain},
	author = {Maihofner, C. and Baron, R. and {DeCol}, R. and Binder, A. and Birklein, F. and Deuschl, G. and Handwerker, H. O. and Schattschneider, J.},
	month = oct,
	year = {2007},
	pages = {2671--2687},
	file = {Maihofner_2007[The motor system shows adaptive changes in complex regional pain syndrome].pdf:/home/nathan/.zotero/zotero/wenz5i9v.default/zotero/storage/GU9IVAPU/Maihofner_2007[The motor system shows adaptive changes in complex regional pain syndrome].pdf:application/pdf;Maihofner_2007[The motor system shows adaptive changes in complex regional pain syndrome].pdf:/home/nathan/.zotero/zotero/wenz5i9v.default/zotero/storage/8EKR8ZQK/Maihofner_2007[The motor system shows adaptive changes in complex regional pain syndrome].pdf:application/pdf}
},

@article{maihofner_patterns_2003,
	title = {Patterns of cortical reorganization in complex regional pain syndrome},
	volume = {61},
	url = {http://www.neurology.org/content/61/12/1707.short},
	number = {12},
	urldate = {2013-10-24},
	journal = {Neurology},
	author = {Maihöfner, Christian and Handwerker, Hermann O. and Neundörfer, Bernhard and Birklein, Frank},
	year = {2003},
	pages = {1707-1715},
	file = {Maihofner_2003[Patterns of cortical reorganization in complex regional pain syndrome].pdf:/home/nathan/.zotero/zotero/wenz5i9v.default/zotero/storage/IHBUNP2S/Maihofner_2003[Patterns of cortical reorganization in complex regional pain syndrome].pdf:application/pdf;Maihofner_2003[Patterns of cortical reorganization in complex regional pain syndrome].pdf:/home/nathan/.zotero/zotero/wenz5i9v.default/zotero/storage/N89WTPBN/Maihofner_2003[Patterns of cortical reorganization in complex regional pain syndrome].pdf:application/pdf}
},

@article{makin_phantom_2013,
	title = {Phantom pain is associated with preserved structure and function in the former hand area},
	volume = {4},
	issn = {2041-1723},
	url = {http://www.nature.com/doifinder/10.1038/ncomms2571},
	doi = {10.1038/ncomms2571},
	urldate = {2013-10-24},
	journal = {Nature Communications},
	author = {Makin, Tamar R. and Scholz, Jan and Filippini, Nicola and Henderson Slater, David and Tracey, Irene and Johansen-Berg, Heidi},
	month = mar,
	year = {2013},
	pages = {1570},
	file = {Makin_2013[Phantom pain is associated with preserved  structure and function in the former hand area].pdf:/home/nathan/.zotero/zotero/wenz5i9v.default/zotero/storage/2V63NSV2/Makin_2013[Phantom pain is associated with preserved  structure and function in the former hand area].pdf:application/pdf;Makin_2013[Phantom pain is associated with preserved  structure and function in the former hand area].pdf:/home/nathan/.zotero/zotero/wenz5i9v.default/zotero/storage/9KB6Q95I/Makin_2013[Phantom pain is associated with preserved  structure and function in the former hand area].pdf:application/pdf}
},

@article{mcgonigle_testretest_2012,
	title = {Test-retest reliability in {fMRI:} Or how I learned to stop worrying and love the variability},
	volume = {62},
	issn = {10538119},
	shorttitle = {Test–retest reliability in {fMRI}},
	url = {http://linkinghub.elsevier.com/retrieve/pii/S1053811912000407},
	doi = {10.1016/j.neuroimage.2012.01.023},
	number = {2},
	urldate = {2013-10-24},
	journal = {{NeuroImage}},
	author = {{McGonigle}, David J.},
	month = aug,
	year = {2012},
	pages = {1116--1120},
	file = {McGonigle_2012[Test-retest reliability in fMRI- Or how I learned to stop worrying and love  the variability].pdf:/home/nathan/.zotero/zotero/wenz5i9v.default/zotero/storage/Q7EPPMQF/McGonigle_2012[Test-retest reliability in fMRI- Or how I learned to stop worrying and love  the variability].pdf:application/pdf}
},

@article{moore_cortical_1999,
	title = {Cortical focusing is an alternative explanation for improved sensory acuity on an amputation stump},
	volume = {270},
	url = {http://www.sciencedirect.com/science/article/pii/S0304394099004784},
	number = {3},
	urldate = {2013-10-24},
	journal = {Neuroscience letters},
	author = {Moore, Christopher {EG} and Partner, Andrew and Sedgwick, E. Michael},
	year = {1999},
	pages = {185-187},
	file = {Moore_1999[Cortical focusing is an alternative explanation for improved sensory  acuity on an amputation stump].pdf:/home/nathan/.zotero/zotero/wenz5i9v.default/zotero/storage/INUS7B6D/Moore_1999[Cortical focusing is an alternative explanation for improved sensory  acuity on an amputation stump].pdf:application/pdf}
},

@article{oboyle_human_2001,
	title = {Human locognosic acuity on the arm varies with explicit and implicit manipulations of attention: implications for interpreting elevated tactile acuity on an amputation stump},
	volume = {305},
	shorttitle = {Human locognosic acuity on the arm varies with explicit and implicit manipulations of attention},
	url = {http://www.sciencedirect.com/science/article/pii/S0304394001018055},
	number = {1},
	urldate = {2013-10-24},
	journal = {Neuroscience letters},
	author = {{O'Boyle}, Donald J. and Moore, Christopher {EG} and Poliakoff, Ellen and Butterworth, Rachel and Sutton, Anna and Cody, Frederick {WJ}},
	year = {2001},
	pages = {37-40},
	file = {Boyle_2001[Human locognosic acuity on the arm varies with explicit and implicit manipulations of attention_ implication for interpreting elevated tactile acuity on an amputation stump].pdf:/home/nathan/.zotero/zotero/wenz5i9v.default/zotero/storage/83N5HNTN/Boyle_2001[Human locognosic acuity on the arm varies with explicit and implicit manipulations of attention_ implication for interpreting elevated tactile acuity on an amputation.pdf:application/pdf}
},

@article{philip_preserved_2011,
	title = {Preserved grip selection planning in chronic unilateral upper extremity amputees},
	volume = {214},
	issn = {0014-4819, 1432-1106},
	url = {http://link.springer.com/10.1007/s00221-011-2842-5},
	doi = {10.1007/s00221-011-2842-5},
	number = {3},
	urldate = {2013-10-24},
	journal = {Experimental Brain Research},
	author = {Philip, Benjamin A. and Frey, Scott H.},
	month = aug,
	year = {2011},
	pages = {437--452},
	file = {Philip_2011[Preserved grip selection planning in chronic unilateral upper  extremity amputees].pdf:/home/nathan/.zotero/zotero/wenz5i9v.default/zotero/storage/ZEKMQP66/Philip_2011[Preserved grip selection planning in chronic unilateral upper  extremity amputees].pdf:application/pdf}
},

@article{reis_noninvasive_2009,
	title = {Noninvasive cortical stimulation enhances motor skill acquisition over multiple days through an effect on consolidation},
	volume = {106},
	url = {http://www.pnas.org/content/106/5/1590.short},
	number = {5},
	urldate = {2013-10-24},
	journal = {Proceedings of the National Academy of Sciences},
	author = {Reis, Janine and Schambra, Heidi M. and Cohen, Leonardo G. and Buch, Ethan R. and Fritsch, Brita and Zarahn, Eric and Celnik, Pablo A. and Krakauer, John W.},
	year = {2009},
	pages = {1590-1595},
	file = {Reis_2009[Noninvasive cortical stimulation enhances motor skill  acquisition over multiple days through an effect  on consolidation].pdf:/home/nathan/.zotero/zotero/wenz5i9v.default/zotero/storage/ASX49NFW/Reis_2009[Noninvasive cortical stimulation enhances motor skill  acquisition over multiple days through an effect  on consolidation].pdf:application/pdf}
},

@article{rossi_safety_2009,
	title = {Safety, ethical considerations, and application guidelines for the use of transcranial magnetic stimulation in clinical practice and research},
	volume = {120},
	issn = {13882457},
	url = {http://linkinghub.elsevier.com/retrieve/pii/S1388245709005197},
	doi = {10.1016/j.clinph.2009.08.016},
	number = {12},
	urldate = {2013-10-24},
	journal = {Clinical Neurophysiology},
	author = {Rossi, Simone and Hallett, Mark and Rossini, Paolo M. and Pascual-Leone, Alvaro},
	month = dec,
	year = {2009},
	pages = {2008--2039},
	file = {Rossi_2009[Safety, ethical considerations, and application guidelines for the use of  transcranial magnetic stimulation in clinical practice and research].pdf:/home/nathan/.zotero/zotero/wenz5i9v.default/zotero/storage/KHQIAH3A/Rossi_2009[Safety, ethical considerations, and application guidelines for the use of  transcranial magnetic stimulation in clinical practice and research].pdf:application/pdf}
},

@article{schambra_probing_2011,
	title = {Probing for hemispheric specialization for motor skill learning: a transcranial direct current stimulation study},
	volume = {106},
	issn = {0022-3077, 1522-1598},
	shorttitle = {Probing for hemispheric specialization for motor skill learning},
	url = {http://jn.physiology.org/cgi/doi/10.1152/jn.00210.2011},
	doi = {10.1152/jn.00210.2011},
	number = {2},
	urldate = {2013-10-24},
	journal = {Journal of Neurophysiology},
	author = {Schambra, H. M. and Abe, M. and Luckenbaugh, D. A. and Reis, J. and Krakauer, J. W. and Cohen, L. G.},
	month = may,
	year = {2011},
	pages = {652--661},
	file = {Schambra_2011[Probing for hemispheric specialization for motor skill learning_ a transcranial  direct current stimulation study].pdf:/home/nathan/.zotero/zotero/wenz5i9v.default/zotero/storage/MDX49DD4/Schambra_2011[Probing for hemispheric specialization for motor skill learning_ a transcranial  direct current stimulation study].pdf:application/pdf}
},

@article{simoes_functional_2012,
	title = {Functional Expansion of Sensorimotor Representation and Structural Reorganization of Callosal Connections in Lower Limb Amputees},
	volume = {32},
	issn = {0270-6474, 1529-2401},
	url = {http://www.jneurosci.org/cgi/doi/10.1523/JNEUROSCI.4592-11.2012},
	doi = {10.1523/JNEUROSCI.4592-11.2012},
	number = {9},
	urldate = {2013-10-24},
	journal = {Journal of Neuroscience},
	author = {Simoes, E. L. and Bramati, I. and Rodrigues, E. and Franzoi, A. and Moll, J. and Lent, R. and Tovar-Moll, F.},
	month = feb,
	year = {2012},
	pages = {3211--3220},
	file = {Simoes_2012[Functional expansion of sensorimotor representation and structural reorganization of callosal connections in lower limb amputees].pdf:/home/nathan/.zotero/zotero/wenz5i9v.default/zotero/storage/9U6QK7MI/Simoes_2012[Functional expansion of sensorimotor representation and structural reorganization of callosal connections in lower limb amputees].pdf:application/pdf;Simoes_2012[Functional expansion of sensorimotor representation and structural reorganization of callosal connections in lower limb amputees].pdf:/home/nathan/.zotero/zotero/wenz5i9v.default/zotero/storage/MPBX8TW8/Simoes_2012[Functional expansion of sensorimotor representation and structural reorganization of callosal connections in lower limb amputees].pdf:application/pdf}
},

@article{smith_variability_2005,
	title = {Variability in {fMRI:} A re-examination of inter-session differences},
	volume = {24},
	issn = {1065-9471, 1097-0193},
	shorttitle = {Variability in {fMRI}},
	url = {http://doi.wiley.com/10.1002/hbm.20080},
	doi = {10.1002/hbm.20080},
	number = {3},
	urldate = {2013-10-24},
	journal = {Human Brain Mapping},
	author = {Smith, Stephen M. and Beckmann, Christian F. and Ramnani, Narender and Woolrich, Mark W. and Bannister, Peter R. and Jenkinson, Mark and Matthews, Paul M. and {McGonigle}, David J.},
	month = mar,
	year = {2005},
	pages = {248--257},
	file = {Smith,S.M._2005[Variability in fMRI- A Re-Examination of  Inter-Session Differences].pdf:/home/nathan/.zotero/zotero/wenz5i9v.default/zotero/storage/MRK25SB7/Smith,S.M._2005[Variability in fMRI- A Re-Examination of  Inter-Session Differences].pdf:application/pdf}
},

@article{thiel_pharmacological_2001,
	title = {Pharmacological modulation of behavioral and neuronal correlates of repetition priming},
	volume = {21},
	url = {http://www.jneurosci.org/content/21/17/6846.short},
	number = {17},
	urldate = {2013-10-24},
	journal = {The Journal of Neuroscience},
	author = {Thiel, Christiane M. and Henson, Richard {NA} and Morris, John S. and Friston, Karl J. and Dolan, Raymond J.},
	year = {2001},
	pages = {6846-6852},
	file = {Thiel_2001[Pharmacological Modulation of Behavioral and Neuronal Correlates  of Repetition Priming].pdf:/home/nathan/.zotero/zotero/wenz5i9v.default/zotero/storage/N4GH56UJ/Thiel_2001[Pharmacological Modulation of Behavioral and Neuronal Correlates  of Repetition Priming].pdf:application/pdf}
},

@article{topper_repetitive_2003,
	title = {Repetitive transcranial magnetic stimulation of the parietal cortex transiently ameliorates phantom limb pain-like syndrome},
	volume = {114},
	issn = {13882457},
	url = {http://linkinghub.elsevier.com/retrieve/pii/S1388245703001172},
	doi = {10.1016/S1388-2457(03)00117-2},
	number = {8},
	urldate = {2013-10-24},
	journal = {Clinical Neurophysiology},
	author = {Töpper, Rudolf and Foltys, Henrik and Meister, Ingo G and Sparing, Roland and Boroojerdi, Babak},
	month = aug,
	year = {2003},
	pages = {1521--1530},
	file = {Birbaumer_1999_[Effects of Regional Anesthesia on Phantom Limb Pain Are Mirrored in Changes in Cortical Reorganization].pdf}
},

 @article{vase_pain_2012,
	title = {Pain catastrophizing and cortical responses in amputees with varying levels of phantom limb pain: a high-density {EEG} brain-mapping study},
	volume = {218},
	issn = {0014-4819, 1432-1106},
	shorttitle = {Pain catastrophizing and cortical responses in amputees with varying levels of phantom limb pain},
	url = {http://link.springer.com/10.1007/s00221-012-3027-6},
	doi = {10.1007/s00221-012-3027-6},
	number = {3},
	urldate = {2013-10-24},
	journal = {Experimental Brain Research},
	author = {Vase, Lene and Egsgaard, Line Lindhardt and Nikolajsen, Lone and Svensson, Peter and Jensen, Troels Staehelin and Arendt-Nielsen, Lars},
	month = feb,
	year = {2012},
	pages = {407--417},
	file = {Vase_2012[Pain catastrophizing and cortical responses in amputees with varying levels of phantom limb pain- a high density eeg brain mapping study}
},

@article{weeks_phantom_2010,
	title = {Phantom Limb Pain: Theories and Therapies},
	volume = {16},
	issn = {1074-7931},
	shorttitle = {Phantom Limb Pain},
	url = {http://content.wkhealth.com/linkback/openurl?sid=WKPTLP:landingpagean=00127893-201009000-00001},
	doi = {10.1097/NRL.0b013e3181edf128},
	number = {5},
	urldate = {2013-10-24},
	journal = {The Neurologist},
	author = {Weeks, Sharon R. and Anderson-Barnes, Victoria C. and Tsao, Jack W.},
	month = sep,
	year = {2010},
	pages = {277--286},
	file = {Weeks_2012[Phantom lIMB PAIN-THEORIES AND THERPIES].pdf:/home/nathan/.zotero/zotero/wenz5i9v.default/zotero/storage/JHK3KGSE/Weeks_2012[Phantom lIMB PAIN-THEORIES AND THERPIES].pdf:application/pdf;Weeks_2012[Phantom lIMB PAIN-THEORIES AND THERPIES].pdf:/home/nathan/.zotero/zotero/wenz5i9v.default/zotero/storage/QWC6UGJK/Weeks_2012[Phantom lIMB PAIN-THEORIES AND THERPIES].pdf:application/pdf}
},

@article{wig_reductions_2005,
	title = {Reductions in neural activity underlie behavioral components of repetition priming},
	volume = {8},
	issn = {1097-6256},
	url = {http://www.nature.com/doifinder/10.1038/nn1515},
	doi = {10.1038/nn1515},
	number = {9},
	urldate = {2013-10-24},
	journal = {Nature Neuroscience},
	author = {Wig, Gagan S and Grafton, Scott T and Demos, Kathryn E and Kelley, William M},
	month = jul,
	year = {2005},
	pages = {1228--1233},
	file = {Wig_2005[Reductions in neural activity underlie behavioral  components of repetition priming].pdf:/home/nathan/.zotero/zotero/wenz5i9v.default/zotero/storage/5IRS3PFQ/Wig_2005[Reductions in neural activity underlie behavioral  components of repetition priming].pdf:application/pdf}
},

@article{wrigley_neuropathic_2009,
	title = {Neuropathic pain and primary somatosensory cortex reorganization following spinal cord injury},
	volume = {141},
	issn = {03043959},
	url = {http://linkinghub.elsevier.com/retrieve/pii/S0304395908006246},
	doi = {10.1016/j.pain.2008.10.007},
	number = {1-2},
	urldate = {2013-10-24},
	journal = {{PAIN}},
	author = {Wrigley, {P.J.} and Press, {S.R.} and Gustin, {S.M.} and Macefield, {V.G.} and Gandevia, {S.C.} and Cousins, {M.J.} and Middleton, {J.W.} and Henderson, {L.A.} and Siddall, {P.J.}},
	month = jan,
	year = {2009},
	pages = {52--59},
	file = {Wrigley_2008[Neuropathic pain and primary somatosensory cortex reorganization following spinal cord injury].pdf:/home/nathan/.zotero/zotero/wenz5i9v.default/zotero/storage/G3KSFHWR/Wrigley_2008[Neuropathic pain and primary somatosensory cortex reorganization following spinal cord injury].pdf:application/pdf;Wrigley_2008[Neuropathic pain and primary somatosensory cortex reorganization following spinal cord injury].pdf:/home/nathan/.zotero/zotero/wenz5i9v.default/zotero/storage/J3M8C4UR/Wrigley_2008[Neuropathic pain and primary somatosensory cortex reorganization following spinal cord injury].pdf:application/pdf}
},

@article{yucel_results_2004,
	title = {Results of the Leeds assessment of neuropathic symptoms and signs pain scale in Turkey: a validation study},
	volume = {5},
	shorttitle = {Results of the Leeds assessment of neuropathic symptoms and signs pain scale in Turkey},
	url = {http://www.sciencedirect.com/science/article/pii/S1526590004008909},
	number = {8},
	urldate = {2013-10-24},
	journal = {The Journal of Pain},
	author = {Yucel, Aysen and Senocak, Mustafa and Kocasoy Orhan, Elif and Cimen, Ali and Ertas, Mustafa},
	year = {2004},
	pages = {427-432},
	file = {The Leeds Assessment of Neuropathic Symptoms and Signs.pdf:/home/nathan/.zotero/zotero/wenz5i9v.default/zotero/storage/RNSMSQ2Z/The Leeds Assessment of Neuropathic Symptoms and Signs.pdf:application/pdf}
},

@article{noordenbos1972sensory,
  title={The sensory stimulus and the verbalization of the response: the pain problem},
  author={Noordenbos, W},
  journal={Neurophysiology studied in man, Amsterdam: Excerpta Medica},
  pages={207-214},
  year={1972}
},

@article{flor_phantom-limb_1995,
	title = {Phantom-limb pain as a perceptual correlate of cortical reorganization following arm amputation},
	volume = {375},
	number = {6531},
	journal = {Nature},
	author = {Flor, Herta and Elbert, Thomas and Knecht, Stefan and Wienbruch, C. and Pantev, C. and Birbaumer, Niels and Larbig, Wolfgang and Taub, Edward},
	year = {1995},
	pages = {482-484},
	file = {Flor_Elbert_1995_[phantom limb pain as a perceptual correlate of cortical reorganization following arm amputation].pdf:/home/nathan/.zotero/zotero/wenz5i9v.default/zotero/storage/EH5ZW4E3/Flor_Elbert_1995_[phantom limb pain as a perceptual correlate of cortical reorganization following arm amputation].pdf:application/pdf}
},

@article{gronblad_intercorrelation_1993,
	title = {Intercorrelation and Test-Retest Reliability of the Pain Disability Index({PDI)} and the Owestry {DIsability} Questionnaire ({ODQ)} and Their Correlation with Pain},
	volume = {9},
	journal = {The Clinical Journal of Pain},
	author = {Gronblad, Mats and Markku, Hupli and Pekka, Wennerstrand and Erkki, Jarvinen and Asko, Lukinmaa and Jukka-Pekka, Kouri and Erkki, Karaharju},
	year = {1993},
	pages = {189-195},
	file = {Gronblad_1993_[Intercorrelation and test-retest reliability of the pain disability index and the owestry disability questionnaire and their correlation with pain intensityin low back patients].pdf:/home/nathan/.zotero/zotero/wenz5i9v.default/zotero/storage/PUFMCICQ/Gronblad_1993_[Intercorrelation and test-retest reliability of the pain disability index and the owestry disability questionnaire and their correlation with pain intensityin low.pdf:application/pdf}
},

@article{schwenkreis_assessment_2001,
	title = {Assessment of reorganization in the sensorimotor cortex after upper limb amputation},
	volume = {112},
	journal = {Clinical Neurophysiology},
	author = {Schwenkreis, Peter and Witscher, Katja and Janssen, Frank and Pleger, Burkhard and Dertwinkel, Roman and Zenz, Michael and Malin, Jean-Pierre and Tegenthoff, Martin},
	year = {2001},
	pages = {627-635},
	file = {Schwenkreis_2001[Assessment of reorganization in the sensorimotor cortex after upper limb amputation].pdf:/home/nathan/.zotero/zotero/wenz5i9v.default/zotero/storage/HF8EXF9R/Schwenkreis_2001[Assessment of reorganization in the sensorimotor cortex after upper limb amputation].pdf:application/pdf}
},

@article{frey_cortical_2005,
	title = {Cortical topography of human anterior intraparietal cortex active during visually guided grasping},
	volume = {23},
	issn = {09266410},
	url = {http://linkinghub.elsevier.com/retrieve/pii/S0926641004003209},
	doi = {10.1016/j.cogbrainres.2004.11.010},
	number = {2-3},
	urldate = {2013-10-28},
	journal = {Cognitive Brain Research},
	author = {Frey, Scott H. and Vinton, Deborah and Norlund, Roger and Grafton, Scott T.},
	month = may,
	year = {2005},
	pages = {397-405},
	file = {Frey_2005_[Cortical topography of human anterior intraparietal cortex active during visually guided grasping].pdf:/home/nathan/.zotero/zotero/wenz5i9v.default/zotero/storage/47A4C5X4/Frey_2005_[Cortical topography of human anterior intraparietal cortex active during visually guided grasping].pdf:application/pdf}
},

@Manual{,
  title = {R: A Language and Environment for Statistical Computing},
  author = {{R Development Core Team}},
  organization = {R Foundation for Statistical Computing},
  address = {Vienna, Austria},
  year = {2011},
  note = {{ISBN} 3-900051-07-0},
  url = {http://www.R-project.org/},
},

@article{grodd_sensorimotor_2001,
	title = {Sensorimotor mapping of the human cerebellum: {fMRI} evidence of somatotopic organization},
	volume = {13},
	shorttitle = {Sensorimotor mapping of the human cerebellum},
	url = {http://onlinelibrary.wiley.com/doi/10.1002/hbm.1025/full},
	number = {2},
	urldate = {2013-11-07},
	journal = {Human brain mapping},
	author = {Grodd, Wolfgang and Hülsmann, Ernst and Lotze, Martin and Wildgruber, Dirk and Erb, Michael},
	year = {2001},
	pages = {55–73},
	file = {Grodd,etal._2001[Sensorimotor Mapping of the Human Cerebellum- fMRI Evidence of Somatotopic Organization].pdf:/home/nathan/.zotero/zotero/wenz5i9v.default/zotero/storage/U97JCH8H/Grodd,etal._2001[Sensorimotor Mapping of the Human Cerebellum- fMRI Evidence of Somatotopic Organization].pdf:application/pdf}
},

@article{hu_effects_1999,
	title = {The effects of delay on the kinematics of grasping},
	volume = {126},
	url = {http://link.springer.com/article/10.1007/s002210050720},
	number = {1},
	urldate = {2013-11-13},
	journal = {Experimental Brain Research},
	author = {Hu, Y. and Eagleson, R. and Goodale, M. A.},
	year = {1999},
	pages = {109–116},
	file = {Hu_1999_EBR_DelayedGrasp.pdf:/home/nathan/.zotero/zotero/wenz5i9v.default/zotero/storage/W3IPZQI4/Hu_1999_EBR_DelayedGrasp.pdf:application/pdf}
},

@article{singhal_human_2013,
	title = {Human {fMRI} Reveals That Delayed Action Re-Recruits Visual Perception},
	volume = {8},
	issn = {1932-6203},
	url = {http://dx.plos.org/10.1371/journal.pone.0073629},
	doi = {10.1371/journal.pone.0073629},
	number = {9},
	urldate = {2013-11-13},
	journal = {{PLoS} {ONE}},
	author = {Singhal, Anthony and Monaco, Simona and Kaufman, Liam D. and Culham, Jody C.},
	editor = {Baker, Chris I.},
	month = sep,
	year = {2013},
	pages = {e73629},
	file = {Singhal_2013_[Human fmri reveals that delayed action re-recruits visual perception].pdf:/home/nathan/.zotero/zotero/wenz5i9v.default/zotero/storage/ZG8FTHUD/Singhal_2013_[Human fmri reveals that delayed action re-recruits visual perception].pdf:application/pdf}
},

@article{norman_beyond_2006,
	title = {Beyond mind-reading: multi-voxel pattern analysis of {fMRI} data},
	volume = {10},
	issn = {13646613},
	shorttitle = {Beyond mind-reading},
	url = {http://linkinghub.elsevier.com/retrieve/pii/S1364661306001847},
	doi = {10.1016/j.tics.2006.07.005},
	number = {9},
	urldate = {2013-11-14},
	journal = {Trends in Cognitive Sciences},
	author = {Norman, Kenneth A. and Polyn, Sean M. and Detre, Greg J. and Haxby, James V.},
	month = sep,
	year = {2006},
	pages = {424--430},
	file = {norman_mvpa_tics.pdf:/home/nathan/.zotero/zotero/wenz5i9v.default/zotero/storage/763636UR/norman_mvpa_tics.pdf:application/pdf}
}